@article{Stone2010,
author = {Stone, John E. and Gohara, David and Shi, Guochun},
doi = {10.1109/MCSE.2010.69},
file = {:home/logan/Documents/Mendeley/Computing in Science and Engineering/Stone, Gohara, Shi/Stone, Gohara, Shi - 2010 - OpenCL A parallel programming standard for heterogeneous computing systems.pdf:pdf},
isbn = {1521-9615 VO - 12},
issn = {15219615},
journal = {Computing in Science and Engineering},
keywords = {barrier synchronization,matrix multiply,opencl},
number = {3},
pages = {66--72},
pmid = {21037981},
title = {{OpenCL: A parallel programming standard for heterogeneous computing systems}},
url = {http://www.cs.nyu.edu/{~}lerner/spring12/Preso07-OpenCL.pdf},
volume = {12},
year = {2010}
}
@article{Hong2016,
author = {Hong, Jung Hyun and Park, Joo Yul and Chung, Ki Seok},
doi = {10.3837/tiis.2016.06.011},
issn = {22881468},
journal = {KSII Transactions on Internet and Information Systems},
keywords = {Error correcting code,Heterogeneous computing,LDPC decoder,OpenCL,Parallel processing},
number = {6},
pages = {2648--2668},
title = {{Parallel LDPC decoding on a heterogeneous platform using opencl}},
volume = {10},
year = {2016}
}
@article{Pebay2008,
author = {P{\'{e}}bay, Philippe},
file = {:home/logan/Documents/Mendeley/Sandia Report/P{\'{e}}bay/P{\'{e}}bay - 2008 - Formulas for Robust, One-Pass Parallel Computation of Covariances and Arbitrary-Order Statistical Moments.pdf:pdf},
journal = {Sandia Report},
number = {September},
pages = {1--18},
title = {{Formulas for Robust, One-Pass Parallel Computation of Covariances and Arbitrary-Order Statistical Moments}},
url = {http://prod.sandia.gov/techlib/access-control.cgi/2008/086212.pdf http://www.ntis.gov/search/product.aspx?ABBR=DE20111028931{\%}5Cninfoserve.sandia.gov/sand{\_}doc/2008/086212.pdf},
volume = {SAND2008-6},
year = {2008}
}
